@ARTICLE{shallit,
  AUTHOR = {Michael Domaratzki and Derek Kisman, and Jeffrey Shallit},
  TITLE = {On the Number of Distinct Languages Accepted by Finite Automata With n States},
  JOURNAL = {J. Autom. Lang. Comb., 7(4):469-486},
  YEAR = {2002}
}

@BOOK{hopcroft,
  AUTHOR = {John E. Hopcroft and Rajeev Motwani, and Jeffrey D. Ullman},
  TITLE = {Introduction to Automata Theory, Languages, and Computation},
  PUBLISHER = {Addison-Wesley Longman Publishing},
  EDITION = {Second},
  YEAR = {2001}
}

@MISC{skripta,
  AUTHOR = {Michal Forišek and Branislav Rovan},
  TITLE = {Formálne jazyky a automaty (skriptá)},
  YEAR = {2013},
  URL = {foja.dcs.fmph.uniba.sk/materialy/skripta.pdf}
}

@MISC{petruchova,
  AUTHOR = {Zuzana Petruchová},
  TITLE = {Enumerácia jednoducho popísateľných regulárnych jazykov (bakalárska práca)},
  NOTE = {Comenius University, Bratislava},
  YEAR = {2009}
}